[
    {
        "Date": "2020-04-30",
        "Revenue": "1021"
    },
    {
        "Date": "2020-01-31",
        "Revenue": "2194"
    },
    {
        "Date": "2019-10-31",
        "Revenue": "1439"
    },
    {
        "Date": "2019-07-31",
        "Revenue": "1286"
    },
    {
        "Date": "2019-04-30",
        "Revenue": "1548"
    },
    {
        "Date": "2019-01-31",
        "Revenue": "3063"
    },
    {
        "Date": "2018-10-31",
        "Revenue": "1935"
    },
    {
        "Date": "2018-07-31",
        "Revenue": "1501"
    },
    {
        "Date": "2018-04-30",
        "Revenue": "1786"
    },
    {
        "Date": "2018-01-31",
        "Revenue": "2825"
    },
    {
        "Date": "2017-10-31",
        "Revenue": "1989"
    },
    {
        "Date": "2017-07-31",
        "Revenue": "1688"
    },
    {
        "Date": "2017-04-30",
        "Revenue": "2046"
    },
    {
        "Date": "2017-01-31",
        "Revenue": "2403"
    },
    {
        "Date": "2016-10-31",
        "Revenue": "1959"
    },
    {
        "Date": "2016-07-31",
        "Revenue": "1632"
    },
    {
        "Date": "2016-04-30",
        "Revenue": "1972"
    },
    {
        "Date": "2016-01-31",
        "Revenue": "3525"
    },
    {
        "Date": "2015-10-31",
        "Revenue": "2016"
    },
    {
        "Date": "2015-07-31",
        "Revenue": "1762"
    },
    {
        "Date": "2015-04-30",
        "Revenue": "2061"
    },
    {
        "Date": "2015-01-31",
        "Revenue": "3476"
    },
    {
        "Date": "2014-10-31",
        "Revenue": "2092"
    },
    {
        "Date": "2014-07-31",
        "Revenue": "1731"
    },
    {
        "Date": "2014-04-30",
        "Revenue": "1996"
    },
    {
        "Date": "2014-01-31",
        "Revenue": "3684"
    },
    {
        "Date": "2013-10-31",
        "Revenue": "2107"
    },
    {
        "Date": "2013-07-31",
        "Revenue": "1384"
    },
    {
        "Date": "2013-04-30",
        "Revenue": "1865"
    },
    {
        "Date": "2013-01-31",
        "Revenue": "3562"
    },
    {
        "Date": "2012-10-31",
        "Revenue": "1773"
    },
    {
        "Date": "2012-07-31",
        "Revenue": "1550"
    },
    {
        "Date": "2012-04-30",
        "Revenue": "2002"
    },
    {
        "Date": "2012-01-31",
        "Revenue": "3579"
    },
    {
        "Date": "2011-10-31",
        "Revenue": "1947"
    },
    {
        "Date": "2011-07-31",
        "Revenue": "1744"
    },
    {
        "Date": "2011-04-30",
        "Revenue": "2281"
    },
    {
        "Date": "2011-01-31",
        "Revenue": "3693"
    },
    {
        "Date": "2010-10-31",
        "Revenue": "1899"
    },
    {
        "Date": "2010-07-31",
        "Revenue": "1799"
    },
    {
        "Date": "2010-04-30",
        "Revenue": "2083"
    },
    {
        "Date": "2010-01-31",
        "Revenue": "3524"
    },
    {
        "Date": "2009-10-31",
        "Revenue": "1835"
    },
    {
        "Date": "2009-07-31",
        "Revenue": "1739"
    },
    {
        "Date": "2009-04-30",
        "Revenue": "1981"
    },
    {
        "Date": "2009-01-31",
        "Revenue": "3492"
    },
    {
        "Date": "2008-10-31",
        "Revenue": "1696"
    },
    {
        "Date": "2008-07-31",
        "Revenue": "1804"
    },
    {
        "Date": "2008-04-30",
        "Revenue": "1814"
    },
    {
        "Date": "2008-01-31",
        "Revenue": "2866"
    },
    {
        "Date": "2007-10-31",
        "Revenue": "1611"
    },
    {
        "Date": "2007-07-31",
        "Revenue": "1338"
    },
    {
        "Date": "2007-04-30",
        "Revenue": "1279"
    },
    {
        "Date": "2007-01-31",
        "Revenue": "2304"
    },
    {
        "Date": "2006-10-31",
        "Revenue": "1012"
    },
    {
        "Date": "2006-07-31",
        "Revenue": "963"
    },
    {
        "Date": "2006-04-30",
        "Revenue": "1040"
    },
    {
        "Date": "2006-01-31",
        "Revenue": "1667"
    },
    {
        "Date": "2005-10-31",
        "Revenue": "534"
    },
    {
        "Date": "2005-07-31",
        "Revenue": "416"
    },
    {
        "Date": "2005-04-30",
        "Revenue": "475"
    },
    {
        "Date": "2005-01-31",
        "Revenue": "709"
    }
]